%% This BibTeX bibliography file was created using BibDesk.
%% http://bibdesk.sourceforge.net/


%% Created for Jonathan Rodriguez at 2014-09-08 11:49:45 -0400 


%% Saved with string encoding Unicode (UTF-8) 



@conference{tusat1-2002,
	Author = {W.C. Holmes and Josh Bryson and Brent Gerig and Jacob Oehrig and Jonathan Rodriguez and Jeremy Schea and Noel Schutt and David Voss and Jonathan Voss and David Whittington and Adam Bennett and Chris Fennig and Stefan Brandle and Jeff Dailey and H. D. Voss},
	Booktitle = {16th Annual AIAA/Utah State University Conference on Small Satellites},
	Date-Added = {2014-09-08 15:38:27 +0000},
	Date-Modified = {2014-09-08 15:43:31 +0000},
	Title = {{TU Sat 1}: A Novel Communications and Scientific Satellite},
	Year = {2002}}

@incollection{e-ifds-2010,
	Author = {Nomair A. Naeem and Ond{\v r}ej Lhot{\'a}k and Jonathan Rodriguez},
	Booktitle = {Compiler Construction (CC)},
	Date-Added = {2014-09-08 15:31:27 +0000},
	Date-Modified = {2014-09-08 15:49:42 +0000},
	Pages = {124--144},
	Publisher = {Springer Berlin Heidelberg},
	Series = {Lecture Notes in Computer Science},
	Title = {Practical Extensions to the {IFDS} Algorithm},
	Volume = {6011},
	Year = {2010}}

@mastersthesis{parallel-dataflow-2010,
	Author = {Jonathan Rodriguez},
	Date-Added = {2014-09-08 15:29:41 +0000},
	Date-Modified = {2014-09-08 15:30:24 +0000},
	School = {University of Waterloo},
	Title = {A Concurrent {IFDS} Dataflow Analysis Algorithm Using Actors},
	Year = {2010}}

@incollection{parallel-dataflow-2011,
	Author = {Jonathan Rodriguez and Ond{\v r}ej Lhot{\'a}k},
	Booktitle = {Compiler Construction (CC)},
	Date-Added = {2014-09-08 15:22:06 +0000},
	Date-Modified = {2014-09-08 15:27:55 +0000},
	Pages = {179--197},
	Publisher = {Springer Berlin Heidelberg},
	Series = {Lecture Notes in Computer Science},
	Title = {Actor-Based Parallel Dataflow Analysis},
	Volume = {6601},
	Year = {2011}}

@conference{information-flow,
	Author = {Ana Milanova and Wei Huang},
	Booktitle = {Formal Techniques for Java-like Programs (FTfJP)},
	Date-Added = {2014-07-04 02:14:02 +0000},
	Date-Modified = {2014-07-04 02:15:07 +0000},
	Keywords = {1st},
	Title = {Composing Polymorphic Information Flow Systems with Reference Immutability},
	Year = {2013}}

@conference{aj-types,
	Author = {Wei Huang and Ana Milanova},
	Booktitle = {Foundations of Object-Oriented Languages (FOOL)},
	Date-Added = {2014-07-04 02:09:00 +0000},
	Date-Modified = {2014-07-04 02:10:19 +0000},
	Keywords = {1st},
	Title = {Inferring {AJ} Types for Concurrent Libraries},
	Year = {2012}}

@article{boyland-readonly,
	Author = {John Boyland},
	Date-Added = {2014-07-03 21:05:33 +0000},
	Date-Modified = {2014-07-03 21:07:18 +0000},
	Journal = {Journal of Object Technology (JOT)},
	Keywords = {2nd},
	Title = {Why we should not add readonly to {Java} (yet)},
	Year = {2006}}

@incollection{fractional-permissions,
	Author = {John Boyland},
	Booktitle = {Aliasing in Object-Oriented Programming: Types, Analysis and Verification},
	Date-Added = {2014-07-03 21:02:01 +0000},
	Date-Modified = {2014-07-03 21:03:26 +0000},
	Keywords = {insurvey},
	Pages = {270--288},
	Publisher = {Springer Berlin Heidelberg},
	Series = {LNCS},
	Title = {Fractional Permissions},
	Volume = {7850},
	Year = {2013}}

@phdthesis{safejava,
	Author = {Chandrasekhar Boyapati},
	Date-Added = {2014-07-03 20:28:55 +0000},
	Date-Modified = {2014-07-03 20:29:34 +0000},
	Keywords = {1st},
	School = {Massachusetts Institute of Technology},
	Title = {{SafeJava}: A Unified Type System for Safe Programming},
	Year = {2004}}

@conference{ownership-regions,
	Author = {Chandrasekhar Boyapati and Alexandru Salcianu and William {Beebee Jr.} and Martin Rinard},
	Booktitle = {Programming Language Design and Implementation (PLDI)},
	Date-Added = {2014-07-03 17:12:08 +0000},
	Date-Modified = {2014-07-03 17:16:18 +0000},
	Keywords = {1st},
	Title = {Ownership Types for Safe Region-based Memory Management in Real-time {Java}},
	Year = {2003}}

@conference{flexible-alias,
	Author = {James Noble and Jan Vitek and John Potter},
	Booktitle = {European Conference on Object-Oriented Programming (ECOOP)},
	Date-Added = {2014-07-03 16:23:16 +0000},
	Date-Modified = {2014-07-03 16:24:24 +0000},
	Keywords = {1st},
	Title = {Flexible Alias Protection},
	Year = {1998}}

@conference{generic-universe-types,
	Author = {Werner Dietl and Sophia Drossopoulou and Peter M{\"u}ller},
	Booktitle = {European Conference on Object-Oriented Programming (ECOOP)},
	Date-Added = {2014-07-03 16:12:25 +0000},
	Date-Modified = {2014-07-03 16:13:21 +0000},
	Keywords = {1st},
	Title = {Generic Universe Types},
	Year = {2007}}

@article{universes,
	Author = {Werner Dietl and Peter M{\"u}ller},
	Date-Added = {2014-07-03 15:39:29 +0000},
	Date-Modified = {2014-07-03 15:41:16 +0000},
	Journal = {Journal of Object Technology (JOT)},
	Keywords = {1st},
	Number = {8},
	Pages = {5--32},
	Title = {Universes: Lightweight Ownership for {JML}},
	Volume = {4},
	Year = {2005}}

@conference{owners-as-ombudsmen,
	Author = {Johan {\"O}stlund and Tobias Wrigstad},
	Booktitle = {European Conference on Object-Oriented Programming (ECOOP)},
	Date-Added = {2014-07-03 15:28:15 +0000},
	Date-Modified = {2014-07-03 15:29:45 +0000},
	Keywords = {2nd},
	Title = {Multiple Aggregate Entry Points for Ownership Types},
	Year = {2012}}

@conference{multiple-ownership,
	Author = {Nicholas R. Cameron and Sophia Drossopoulou and James Noble and Matthew J. Smith},
	Booktitle = {Object-Oriented Programming, Systems, Languages and Applications (OOPSLA)},
	Date-Added = {2014-07-03 15:25:15 +0000},
	Date-Modified = {2014-07-03 15:26:47 +0000},
	Keywords = {2nd},
	Title = {Multiple Ownership},
	Year = {2007}}

@conference{ownership-domains,
	Author = {Jonathan Aldrich and Craig Chambers},
	Booktitle = {European Conference on Object-Oriented Programming (ECOOP)},
	Date-Added = {2014-07-03 15:18:43 +0000},
	Date-Modified = {2014-07-03 15:19:40 +0000},
	Keywords = {2nd},
	Title = {Ownership Domains: Separating Aliasing Policy from Mechanism},
	Year = {2004}}

@conference{external-uniqueness,
	Author = {Dave Clarke and Tobias Wrigstad},
	Booktitle = {European Conference on Object-Oriented Programming (ECOOP)},
	Date-Added = {2014-07-03 15:07:38 +0000},
	Date-Modified = {2014-07-03 15:08:32 +0000},
	Keywords = {2nd},
	Title = {External Uniqueness is Uniqueness Enough},
	Year = {2003}}

@mastersthesis{jot2000,
	Author = {Alexander Buckley},
	Date-Added = {2014-07-03 15:05:08 +0000},
	Date-Modified = {2014-07-03 15:06:36 +0000},
	Keywords = {2nd},
	School = {Imperial College of London},
	Title = {Ownership Types Restrict Aliasing},
	Year = {2000}}

@incollection{joe3,
	Author = {Johan {\"O}stlund and Tobias Wrigstad and Dave Clarke and Beatrice {\AA}kerblom},
	Booktitle = {Objects, Components, Models and Patterns},
	Date-Added = {2014-07-02 20:58:09 +0000},
	Date-Modified = {2014-07-02 21:02:15 +0000},
	Keywords = {1st},
	Pages = {178--197},
	Publisher = {Springer Berlin Heidelberg},
	Series = {LNBIP},
	Title = {Ownership, Uniqueness, and Immutability},
	Volume = {11},
	Year = {2008}}

@conference{javari2004,
	Author = {Adrian Birka and Michael D. Ernst},
	Booktitle = {Object-Oriented Programming, Systems, Languages and Applications (OOPSLA)},
	Date-Added = {2014-07-02 20:42:08 +0000},
	Date-Modified = {2014-07-02 20:46:14 +0000},
	Keywords = {3rd},
	Title = {A Practical Type System and Language for Reference Immutability},
	Year = {2004}}

@conference{oigj,
	Author = {Yoav Zibin and Alex Potanin and Paley Li and Mahmood Ali and Michael D. Ernst},
	Booktitle = {Object-Oriented Programming, Systems, Languages and Applications (OOPSLA)},
	Date-Added = {2014-07-02 19:33:20 +0000},
	Date-Modified = {2014-07-02 20:19:14 +0000},
	Keywords = {1st},
	Title = {Ownership and immutability in {Generic} {Java}},
	Year = {2010}}

@conference{igj,
	Author = {Yoav Zibin and Alex Potanin and Mahmood Ali and Shay Artzi and Adam Kie\.zun and Michael D. Ernst},
	Booktitle = {Foundations of Software Engineering (FSE)},
	Date-Added = {2014-07-02 19:18:44 +0000},
	Date-Modified = {2014-07-02 19:30:44 +0000},
	Keywords = {1st},
	Title = {Object and reference immutability using {Java} generics},
	Year = {2007}}

@conference{gradual-effect-systems,
	Author = {Felipe Ba{\~n}ados Schwerter and Ronald Garcia and {\'E}ric Tanter},
	Booktitle = {ICFP},
	Date-Added = {2014-06-20 17:55:26 +0000},
	Date-Modified = {2014-06-20 18:03:11 +0000},
	Keywords = {1st},
	Title = {A Theory of Gradual Effect Systems},
	Year = {2014}}

@conference{caps-uniqueness-borrowing,
	Author = {Philipp Haller and Martin Odersky},
	Booktitle = {European Conference on Object-Oriented Programming (ECOOP)},
	Date-Added = {2014-06-19 17:13:17 +0000},
	Date-Modified = {2014-06-19 17:14:42 +0000},
	Keywords = {2nd},
	Title = {Capabilities for Uniqueness and Borrowing},
	Year = {2010}}

@conference{precise-sideeffectfree-java,
	Author = {Atanas Rountev},
	Booktitle = {International Conference on Software Maintenance (ICSM)},
	Date-Added = {2014-06-05 14:15:36 +0000},
	Date-Modified = {2014-06-05 14:18:14 +0000},
	Keywords = {1st},
	Title = {Precise Identification of Side-effect-free Methods in {Java}},
	Year = {2004}}

@conference{ownership-types-1998,
	Author = {David G. Clarke and John M. Potter and James Noble},
	Booktitle = {Object-Oriented Programming, Systems, Languages and Applications (OOPSLA)},
	Date-Added = {2014-05-26 15:37:46 +0000},
	Date-Modified = {2014-05-26 15:44:45 +0000},
	Keywords = {backref},
	Title = {Ownership Types for Flexible Alias Protection},
	Year = {1998}}

@conference{reachability-acyclic,
	Author = {Yi Lu and John Potter},
	Booktitle = {European Conference on Object-Oriented Programming (ECOOP)},
	Date-Added = {2014-05-22 13:08:58 +0000},
	Date-Modified = {2014-05-26 15:28:15 +0000},
	Keywords = {1st},
	Title = {A Type System for Reachability and Acyclicity},
	Year = {2005}}

@misc{dotty,
	Author = {Martin Odersky and others},
	Date-Added = {2014-05-13 18:43:37 +0000},
	Date-Modified = {2014-05-13 18:46:46 +0000},
	Howpublished = {\url{https://github.com/lampepfl/dotty}}}

@incollection{ownership-in-verification,
	Author = {Dietl, Werner and M{\"u}ller, Peter},
	Booktitle = {Aliasing in Object-Oriented Programming: Types, Analysis and Verification},
	Date-Added = {2014-05-13 16:43:22 +0000},
	Date-Modified = {2014-05-26 15:26:40 +0000},
	Keywords = {1st,insurvey},
	Pages = {289--318},
	Publisher = {Springer Berlin Heidelberg},
	Series = {LNCS},
	Title = {Object Ownership in Program Verification},
	Volume = {7850},
	Year = {2013}}

@incollection{separation-logic,
	Author = {Matthew Parkinson and Gavin Bierman},
	Booktitle = {Aliasing in Object-Oriented Programming: Types, Analysis and Verification},
	Date-Added = {2014-05-13 16:39:50 +0000},
	Date-Modified = {2014-05-26 15:29:25 +0000},
	Keywords = {1st,insurvey},
	Pages = {366--406},
	Publisher = {Springer Berlin Heidelberg},
	Series = {LNCS},
	Title = {Separation Logic for Object-Oriented Programming},
	Volume = {7850},
	Year = {2013}}

@conference{dpj-effects,
	Author = {Robert L. {Bocchino Jr.} and Vikram S. Adve and Danny Dig and Sarita V. Adve and Stephen Heumann and Rakesh Komuravelli and Jeffrey Overbey and Patrick Simmons and Hyojin Sung and Mohsen Vakilian},
	Booktitle = {Object-Oriented Programming, Systems, Languages and Applications (OOPSLA)},
	Date-Added = {2014-05-13 16:18:18 +0000},
	Date-Modified = {2014-05-26 15:25:39 +0000},
	Keywords = {2nd},
	Title = {A Type and Effect System for {Deterministic Parallel Java}},
	Year = {2009}}

@conference{effect-encaps,
	Author = {Yi Lu and John Potter},
	Booktitle = {Principles of Programming Languages (POPL)},
	Date-Added = {2014-05-13 16:13:23 +0000},
	Date-Modified = {2014-05-26 15:28:08 +0000},
	Keywords = {2nd},
	Title = {Protecting Representation with Effect Encapsulation},
	Year = {2006}}

@misc{psp-page,
	Author = {Paul Phillips},
	Date-Added = {2014-05-09 17:40:33 +0000},
	Date-Modified = {2014-05-09 19:12:18 +0000},
	Howpublished = {\url{https://github.com/paulp/psp-view}}}

@conference{javari,
	Author = {Matthew S. Tschantz and Michael D. Ernst},
	Booktitle = {Object-Oriented Programming, Systems, Languages and Applications (OOPSLA)},
	Date-Added = {2014-05-09 16:57:10 +0000},
	Date-Modified = {2014-05-26 15:33:07 +0000},
	Keywords = {1st},
	Title = {Javari: Adding reference immutability to {Java}},
	Year = {2005}}

@conference{purity-effect-java,
	Author = {S{\u a}lcianu, Alexandru and Rinard, Martin},
	Booktitle = {Verification, Model Checking, and Abstract Interpretation},
	Date-Added = {2014-05-09 14:56:25 +0000},
	Date-Modified = {2014-05-26 15:32:59 +0000},
	Keywords = {1st},
	Pages = {199--215},
	Publisher = {Springer Berlin Heidelberg},
	Series = {LNCS},
	Title = {Purity and side effect analysis for {Java} programs},
	Volume = {3385},
	Year = {2005}}

@conference{dot-calculus,
	Author = {Nada Amin and Adriaan Moors and Martin Odersky},
	Booktitle = {Foundations of Object-Oriented Languages (FOOL)},
	Date-Added = {2014-05-09 14:42:47 +0000},
	Date-Modified = {2014-05-26 15:24:32 +0000},
	Keywords = {2nd},
	Title = {Dependent Object Types},
	Year = {2012}}

@incollection{deterministic-parallelism,
	Author = {Robert L. {Bocchino Jr.}},
	Booktitle = {Aliasing in Object-Oriented Programming: Types, Analysis and Verification},
	Date-Added = {2014-05-07 15:46:40 +0000},
	Date-Modified = {2014-05-26 15:25:10 +0000},
	Keywords = {1st,insurvey},
	Pages = {156--195},
	Publisher = {Springer Berlin Heidelberg},
	Series = {LNCS},
	Title = {Alias Control for Deterministic Parallelism},
	Volume = {7850},
	Year = {2013}}

@conference{ownership-disjoint,
	Author = {Dave Clarke and Sophia Drossopoulou},
	Booktitle = {Object-Oriented Programming, Systems, Languages and Applications (OOPSLA)},
	Date-Added = {2014-05-07 15:31:14 +0000},
	Date-Modified = {2014-05-26 15:26:00 +0000},
	Keywords = {1st},
	Title = {Ownership, Encapsulation and the Disjointness of Type and Effect},
	Year = {2002}}

@incollection{notions-aliasing-ownership,
	Author = {Alan Mycroft and Janina Voigt},
	Booktitle = {Aliasing in Object-Oriented Programming: Types, Analysis and Verification},
	Date-Added = {2014-05-05 14:38:42 +0000},
	Date-Modified = {2014-05-26 15:28:39 +0000},
	Keywords = {1st,insurvey},
	Pages = {59--83},
	Publisher = {Springer Berlin Heidelberg},
	Series = {LNCS},
	Title = {Notions of Aliasing and Ownership},
	Volume = {7850},
	Year = {2013}}

@conference{comprehending-monads,
	Author = {Philip Wadler},
	Booktitle = {Conference on Lisp and Functional Programming (LFP)},
	Date-Added = {2014-05-02 14:07:48 +0000},
	Date-Modified = {2014-05-26 15:33:18 +0000},
	Keywords = {3rd},
	Title = {Comprehending Monads},
	Year = {1990}}

@incollection{immutability,
	Author = {Alex Potanin and Johan {\"O}stlund and Yoav Zibin and Michael D. Ernst},
	Booktitle = {Aliasing in Object-Oriented Programming: Types, Analysis and Verification},
	Date-Added = {2014-05-02 13:27:38 +0000},
	Date-Modified = {2014-05-26 15:29:55 +0000},
	Keywords = {1st,insurvey},
	Pages = {233--269},
	Publisher = {Springer Berlin Heidelberg},
	Series = {LNCS},
	Title = {Immutability},
	Volume = {7850},
	Year = {2013}}

@incollection{type-and-effect-systems,
	Author = {Flemming Nielson and Hanne Riis Nielson},
	Booktitle = {Correct System Design},
	Date-Added = {2014-04-29 19:52:12 +0000},
	Date-Modified = {2014-05-26 15:28:48 +0000},
	Keywords = {1st},
	Pages = {114--136},
	Publisher = {Springer Berlin Heidelberg},
	Series = {LNCS},
	Title = {Type and Effect Systems},
	Volume = {1710},
	Year = {1999}}

@article{effects-and-monads,
	Author = {Philip Wadler and Peter Thiemann},
	Date-Added = {2014-04-29 19:21:03 +0000},
	Date-Modified = {2014-05-26 15:33:28 +0000},
	Journal = {ACM Transactions on Computational Logic (TOCL)},
	Keywords = {4th},
	Number = {1},
	Pages = {1--32},
	Title = {The Marriage of Effects and Monads},
	Volume = {4},
	Year = {2003}}

@conference{koka-effects,
	Author = {Daan Leijen},
	Booktitle = {Mathematically Structured Functional Programming (MSFP)},
	Date-Added = {2014-04-29 18:47:33 +0000},
	Date-Modified = {2014-05-26 15:27:21 +0000},
	Keywords = {3rd},
	Title = {Koka: Programming with Row-polymorphic Effect Types},
	Year = {2014}}

@phdthesis{rytz-thesis,
	Author = {Lukas Rytz},
	Date-Added = {2014-04-29 18:37:57 +0000},
	Date-Modified = {2014-05-26 15:31:53 +0000},
	Keywords = {1st},
	Rating = {5},
	Read = {1},
	School = {Lausanne: EPFL},
	Title = {A Practical Effect System for Scala},
	Year = {2014}}

@conference{effect-analysis-callbacks,
	Author = {Etienne Kneuss and Viktor Kuncak and Philippe Suter},
	Booktitle = {Verified Software: Theories, Tools, Experiments (VSTTE)},
	Date-Added = {2014-04-29 18:08:48 +0000},
	Date-Modified = {2014-05-26 15:26:54 +0000},
	Keywords = {1st},
	Title = {Effect Analysis for Programs with Callbacks},
	Year = {2013}}

@conference{lightweight-polymorphic-effects,
	Author = {Lukas Rytz and Martin Odersky and Philipp Haller},
	Booktitle = {European Conference on Object-Oriented Programming (ECOOP)},
	Date-Added = {2014-04-29 18:00:45 +0000},
	Date-Modified = {2014-05-26 15:30:11 +0000},
	Keywords = {1st},
	Title = {Lightweight Polymorphic Effects},
	Year = {2012}}

@conference{generic-type-and-effect,
	Author = {Daniel Marino and Todd Millstein},
	Booktitle = {Types in Language Design and Implementation (TLDI)},
	Date-Added = {2014-04-29 17:57:12 +0000},
	Date-Modified = {2014-05-26 15:28:24 +0000},
	Keywords = {1st},
	Title = {A Generic Type-and-Effect System},
	Year = {2009}}

@incollection{ownership-types,
	Author = {Clarke, Dave and {\"O}stlund, Johan and Sergey, Ilya and Wrigstad, Tobias},
	Booktitle = {Aliasing in Object-Oriented Programming: Types, Analysis and Verification},
	Date-Added = {2014-04-29 16:21:09 +0000},
	Date-Modified = {2014-05-26 15:26:13 +0000},
	Keywords = {1st,insurvey},
	Pages = {15--58},
	Publisher = {Springer Berlin Heidelberg},
	Series = {LNCS},
	Title = {Ownership Types: A Survey},
	Volume = {7850},
	Year = {2013}}

@conference{java-checker-framework,
	Author = {Matthew M. Papi and Mahmood Ali and Telmo Luis {Correa Jr.} and Jeff H. Perkins and Michael D. Ernst},
	Booktitle = {International Symposium on Software Testing and Analysis (ISSTA)},
	Date-Added = {2014-04-29 13:56:02 +0000},
	Date-Modified = {2014-05-26 15:29:12 +0000},
	Keywords = {1st},
	Title = {Practical pluggable types for {Java}},
	Year = {2008}}

@conference{efftp,
	Author = {Lukas Rytz and Nada Amin and Martin Odersky},
	Booktitle = {Formal Techniques for Java-like Programs (FTfJP)},
	Date-Added = {2014-04-28 17:57:11 +0000},
	Date-Modified = {2014-05-26 15:30:01 +0000},
	Keywords = {1st},
	Title = {A Flow-Insensitive, Modular Effect System for Purity},
	Year = {2013}}

@conference{reim,
	Author = {Wei Huang and Ana Milanova and Werner Dietl and Michael D. Ernst},
	Booktitle = {Object Oriented Programming, Systems, Languages and Applications (OOPSLA)},
	Date-Added = {2014-04-28 17:53:19 +0000},
	Date-Modified = {2014-05-26 15:26:46 +0000},
	Keywords = {1st},
	Title = {{ReIm \& ReImInfer}: Checking and Inference of Reference Immutability and Method Purity},
	Year = {2012}}

@conference{jpure,
	Author = {David J. Pearce},
	Booktitle = {Compiler Construction (CC)},
	Date-Added = {2014-04-28 17:51:22 +0000},
	Date-Modified = {2014-05-26 15:31:23 +0000},
	Keywords = {1st},
	Read = {1},
	Title = {{JPure}: A Modular Purity System for {Java}},
	Year = {2011}}

@book{scala-book,
	Author = {Martin Odersky and Lex Spoon and Bill Venners},
	Date-Added = {2014-04-28 15:13:09 +0000},
	Date-Modified = {2014-04-28 15:14:56 +0000},
	Edition = {2nd},
	Publisher = {Artima},
	Title = {Programming in Scala},
	Year = {2010}}
