%% This BibTeX bibliography file was created using BibDesk.
%% http://bibdesk.sourceforge.net/


%% Created for Jonathan Rodriguez at 2015-05-27 16:16:30 -0400 


%% Saved with string encoding Unicode (UTF-8) 



@inproceedings{reim,
	Author = {Huang, Wei and Milanova, Ana and Dietl, Werner and Ernst, Michael D.},
	Booktitle = {Object-Oriented Programming, Systems, Languages and Applications (OOPSLA)},
	Date-Added = {2015-05-27 19:28:55 +0000},
	Date-Modified = {2015-05-27 20:16:27 +0000},
	Title = {{ReIm \& ReImInfer}: Checking and Inference of Reference Immutability and Method Purity},
	Year = {2012}}

@inproceedings{javari,
	Author = {Tschantz, Matthew S. and Ernst, Michael D.},
	Booktitle = {Object-Oriented Programming, Systems, Languages and Applications (OOPSLA)},
	Date-Added = {2015-05-27 19:26:54 +0000},
	Date-Modified = {2015-05-27 20:15:57 +0000},
	Title = {Javari: Adding Reference Immutability to {Java}},
	Year = {2005}}

@incollection{ownership-types,
	Author = {Clarke, Dave and \"{O}stlund, Johan and Sergey, Ilya and Wrigstad, Tobias},
	Booktitle = {Aliasing in Object-Oriented Programming: Types, Analysis, and Verification},
	Date-Added = {2015-05-21 17:49:47 +0000},
	Date-Modified = {2015-05-21 17:55:50 +0000},
	Pages = {15--58},
	Publisher = {Springer Berlin Heidelberg},
	Series = {LNCS},
	Title = {Ownership Types: A Survey},
	Volume = {7850},
	Year = {2013}}

@article{geneva,
	Author = {John Hogg and Doug Lea and Alan Wills and Dennis deChampeaux and Richard Holt},
	Date-Added = {2015-05-21 17:40:04 +0000},
	Date-Modified = {2015-05-21 17:42:13 +0000},
	Journal = {SIGPLAN OOPS Mess.},
	Month = {Apr},
	Number = {2},
	Pages = {11--16},
	Title = {Geneva Convention on the Treatment of Object Aliasing},
	Volume = {3},
	Year = {1992}}

@conference{udot,
	Author = {Nada Amin and Tiark Rompf and Martin Odersky},
	Booktitle = {Object-Oriented Programming, Systems, Languages and Applications (OOPSLA)},
	Date-Added = {2015-05-20 15:10:30 +0000},
	Date-Modified = {2015-05-20 15:12:41 +0000},
	Title = {Foundations of Path-Dependent Types},
	Year = {2014}}

@conference{dot,
	Author = {Amin, Nada and Moors, Adriaan and Odersky, Martin},
	Booktitle = {Foundations of Object-Oriented Languages (FOOL)},
	Date-Added = {2015-05-20 14:59:19 +0000},
	Date-Modified = {2015-05-20 15:01:17 +0000},
	Title = {Dependent Object Types},
	Year = {2012}}
